% Escreva aqui suas fontes segundo os exemplos abaixo

@book{livroo,
	author = {João Bosco Medeiros and Luiz Sales and Felix Kjellberg and Ringo Star},
	title = {Texto Exemplo},
	subtitle = {um subtítulo qualquer},
	translator = {Gabriel Mello},
	publisher = {Atlas},
	edition = {10},
	year = {2013},
	city = {São Paulo},
}

@article{artigoo,
	author = {Luiz Sales},
	title = {Meu artigo},
	subtitle = {deveras interessante},
	periodico = {Revista Carambolas},
	city = {Rio Grande},
	volume = {2},
	number = {75},
	pages = {80-96},
	mes = {mar},
	year = {2005},
}

@site{sitee,
	author = {João das Couves},
	title = {Português instrumental},
	subtitle = {um subtítulo qualquer},
	url = {https://google.com},
	access = {01/01/1000},
	year = {2014},
}
